<record><leader>00000cas a22000007a 4500</leader><controlfield tag="001">28797021</controlfield><controlfield tag="008">930910d19231944moumr ne      0    0eng d</controlfield><datafield ind1=" " ind2=" " tag="010"><subfield code="a">sn 93060211 </subfield></datafield><datafield ind1=" " ind2=" " tag="040"><subfield code="a">MQN</subfield><subfield code="b">eng</subfield><subfield code="c">MQN</subfield><subfield code="d">CNK</subfield><subfield code="d">OBN</subfield><subfield code="d">OCLCQ</subfield><subfield code="d">OCLCG</subfield><subfield code="d">UBY</subfield><subfield code="d">OCLCQ</subfield><subfield code="d">OCLCF</subfield><subfield code="d">OCLCO</subfield></datafield><datafield ind1=" " ind2=" " tag="019"><subfield code="a">3342184</subfield><subfield code="a">24484772</subfield><subfield code="a">57592293</subfield></datafield><datafield ind1="1" ind2=" " tag="029"><subfield code="a">AU@</subfield><subfield code="b">000025862034</subfield></datafield><datafield ind1=" " ind2=" " tag="042"><subfield code="a">msc</subfield></datafield><datafield ind1=" " ind2=" " tag="043"><subfield code="a">n-us---</subfield><subfield code="a">n-usp--</subfield><subfield code="a">n-us-mo</subfield></datafield><datafield ind1="1" ind2="4" tag="050"><subfield code="a">E83.866</subfield><subfield code="b">.W5x</subfield></datafield><datafield ind1="0" ind2="0" tag="245"><subfield code="a">Winners of the west.</subfield></datafield><datafield ind1=" " ind2=" " tag="260"><subfield code="a">St. Joseph, Mo. :</subfield><subfield code="b">[G.W. Webb],</subfield><subfield code="c">1923-1944.</subfield></datafield><datafield ind1=" " ind2=" " tag="300"><subfield code="a">v.</subfield></datafield><datafield ind1=" " ind2=" " tag="310"><subfield code="a">Monthly (irregular)</subfield></datafield><datafield ind1="0" ind2=" " tag="362"><subfield code="a">[Vol. 1, no. 1] (Dec. 29, 1923)-v. 21, no. 12 (Dec. 1944).</subfield></datafield><datafield ind1=" " ind2=" " tag="500"><subfield code="a">"Published in behalf of the Indian wars class of pensioners and the survivors of the old Army of the plains." (varies slightly).</subfield></datafield><datafield ind1=" " ind2=" " tag="500"><subfield code="a">Includes proceedings of National Indian War Veterans.</subfield></datafield><datafield ind1=" " ind2=" " tag="500"><subfield code="a">Editor: 1923-1938, G.W. Webb.</subfield></datafield><datafield ind1=" " ind2=" " tag="515"><subfield code="a">Issues for Dec. 1923-July 1924 have no vol. numbering but constitute v. 1, no. 1-8.</subfield></datafield><datafield ind1=" " ind2=" " tag="520"><subfield code="a">Includes proceedings of National Indian War Veterans.</subfield></datafield><datafield ind1=" " ind2=" " tag="550"><subfield code="a">Official bulletin of National Indian War Veterans, May 31, 1936-</subfield></datafield><datafield ind1=" " ind2="0" tag="650"><subfield code="a">Indians of North America</subfield><subfield code="x">Wars</subfield><subfield code="y">1866-1895</subfield><subfield code="v">Newspapers.</subfield></datafield><datafield ind1=" " ind2="0" tag="650"><subfield code="a">Military pensions</subfield><subfield code="z">United States</subfield><subfield code="v">Newspapers.</subfield></datafield><datafield ind1=" " ind2="0" tag="650"><subfield code="a">Frontier and pioneer life</subfield><subfield code="z">West (U.S.)</subfield><subfield code="v">Newspapers.</subfield></datafield><datafield ind1=" " ind2="0" tag="651"><subfield code="a">Saint Joseph (Mo.)</subfield><subfield code="v">Newspapers.</subfield></datafield><datafield ind1=" " ind2="0" tag="651"><subfield code="a">Buchanan County (Mo.)</subfield><subfield code="v">Newspapers.</subfield></datafield><datafield ind1=" " ind2="7" tag="655"><subfield code="a">Newspapers.</subfield><subfield code="2">fast</subfield><subfield code="0">(OCoLC)fst01423814</subfield></datafield><datafield ind1=" " ind2="7" tag="648"><subfield code="a">1866 - 1895</subfield><subfield code="2">fast</subfield></datafield><datafield ind1=" " ind2="7" tag="650"><subfield code="a">Frontier and pioneer life.</subfield><subfield code="2">fast</subfield><subfield code="0">(OCoLC)fst00935370</subfield></datafield><datafield ind1=" " ind2="7" tag="650"><subfield code="a">Indians of North America</subfield><subfield code="x">Wars.</subfield><subfield code="2">fast</subfield><subfield code="0">(OCoLC)fst00969954</subfield></datafield><datafield ind1=" " ind2="7" tag="650"><subfield code="a">Military pensions.</subfield><subfield code="2">fast</subfield><subfield code="0">(OCoLC)fst01021361</subfield></datafield><datafield ind1=" " ind2="7" tag="651"><subfield code="a">Missouri</subfield><subfield code="z">Buchanan County.</subfield><subfield code="2">fast</subfield><subfield code="0">(OCoLC)fst01209438</subfield></datafield><datafield ind1=" " ind2="7" tag="651"><subfield code="a">Missouri</subfield><subfield code="z">Saint Joseph.</subfield><subfield code="2">fast</subfield><subfield code="0">(OCoLC)fst01211419</subfield></datafield><datafield ind1=" " ind2="7" tag="651"><subfield code="a">United States.</subfield><subfield code="2">fast</subfield><subfield code="0">(OCoLC)fst01204155</subfield></datafield><datafield ind1=" " ind2="7" tag="651"><subfield code="a">United States, West.</subfield><subfield code="2">fast</subfield><subfield code="0">(OCoLC)fst01243255</subfield></datafield><datafield ind1="1" ind2=" " tag="700"><subfield code="a">Webb, George Washington,</subfield><subfield code="d">1856-1938.</subfield></datafield><datafield ind1="2" ind2=" " tag="710"><subfield code="a">National Indian War Veterans.</subfield></datafield><datafield ind1=" " ind2=" " tag="752"><subfield code="a">United States</subfield><subfield code="b">Missouri</subfield><subfield code="c">Buchanan</subfield><subfield code="d">St. Joseph.</subfield></datafield></record>